<?xml version="1.0" encoding="UTF-8"?><record xmlns="http://www.loc.gov/MARC21/slim" xmlns:cinclude="http://apache.org/cocoon/include/1.0" xmlns:zs="http://www.loc.gov/zing/srw/">
  <leader>00666cz  a2200145n  4500</leader>
  <controlfield tag="001">nr 99019256 </controlfield>
  <controlfield tag="003">DLC</controlfield>
  <controlfield tag="005">20120809085619.0</controlfield>
  <controlfield tag="008">990616n| acannaabn          |a ana      </controlfield>
  <datafield tag="010" ind1=" " ind2=" ">
    <subfield code="a">nr 99019256 </subfield>
  </datafield>
  <datafield tag="040" ind1=" " ind2=" ">
    <subfield code="a">DLC-R</subfield>
    <subfield code="b">eng</subfield>
    <subfield code="c">DLC-R</subfield>
    <subfield code="d">DLC</subfield>
  </datafield>
  <datafield tag="111" ind1="2" ind2=" ">
    <subfield code="a">1993 Misul Taehak Ŭnyong Misul Hakkwa Chorŏp Chakpʻumjŏn</subfield>
    <subfield code="d">(1993 :</subfield>
    <subfield code="c">Kia Chadongchʻa Chŏnsigwan)</subfield>
  </datafield>
  <datafield tag="411" ind1="2" ind2=" ">
    <subfield code="a">Ilchʻŏn-kubaek-kusipsam Misul Taehak Ŭnyong Misul Hakkwa Chorŏp Chakpʻumjŏn</subfield>
  </datafield>
  <datafield tag="667" ind1=" " ind2=" ">
    <subfield code="a">THIS 1XX FIELD CANNOT BE USED UNDER RDA UNTIL THIS RECORD HAS BEEN REVIEWED AND/OR UPDATED</subfield>
  </datafield>
  <datafield tag="670" ind1=" " ind2=" ">
    <subfield code="a">Chorŏp chakpʻumjŏn, 1993:</subfield>
    <subfield code="b">t.p. (1993 Misul Taehak Ŭnyong Misul Hakkwa Chorŏp Chakpʻumjŏn)</subfield>
  </datafield>
</record>